@article{ostapowicz2002results,
  title={Results of a prospective study of acute liver failure at 17 tertiary care centers in the United States},
  author={Ostapowicz, George and Fontana, Robert J and Schi{\o}dt, Frank V and Larson, Anne and Davern, Timothy J and Han, Steven HB and McCashland, Timothy M and Shakil, A Obaid and Hay, J Eileen and Hynan, Linda and others},
  journal={Annals of internal medicine},
  volume={137},
  number={12},
  pages={947--954},
  year={2002},
  publisher={Am Coll Physicians}
}

@article{arnett1989caregivers,
  title={Caregivers in day-care centers: Does training matter?},
  author={Arnett, Jeffrey},
  journal={Journal of Applied Developmental Psychology},
  volume={10},
  number={4},
  pages={541--552},
  year={1989},
  publisher={Elsevier}
}

@article{helburn1995cost,
  title={Cost, Quality and Child Outcomes in Child Care Centers. Technical Report, Public Report, and Executive Summary.},
  author={Helburn, Suzanne W},
  year={1995},
  publisher={ERIC}
}

@article{pickering1981diarrhea,
  title={Diarrhea caused by Shigella, rotavirus, and Giardia in day-care centers: prospective study},
  author={Pickering, Larry K and Evans, Dolores G and DuPont, Herbert L and Vollet, John J and Evans, Doyle J},
  journal={The Journal of pediatrics},
  volume={99},
  number={1},
  pages={51--56},
  year={1981},
  publisher={Elsevier}


@article{phillips2001within,
  title={Within and beyond the classroom door: Assessing quality in child care centers},
  author={Phillips, Deborah and Mekos, Debra and Scarr, Sandra and McCartney, Kathleen and Abbott--Shim, Martha},
  journal={Early Childhood Research Quarterly},
  volume={15},
  number={4},
  pages={475--496},
  year={2001},
  publisher={Elsevier}
}

@article{burchinal2002caregiver,
  title={Caregiver training and classroom quality in child care centers},
  author={Burchinal, Margaret R and Cryer, Debby and Clifford, Richard M and Howes, Carollee},
  journal={Applied Developmental Science},
  volume={6},
  number={1},
  pages={2--11},
  year={2002},
  publisher={Taylor \& Francis}
}
